@misc{website:wikibooks-bibliography,
	author	= "Wikibooks",
	title 	= "Bibliography Management",
	month 	= "September",
	year 	= "2011",
	note	= {[Online] \url{http://en.wikibooks.org/wiki/LaTeX/Bibliography_Management}}
}
@misc{website:SOAP_intro,
	author	= "w3schools",
	title 	= "SOAP Introduction",
	month	= "June",
	year	= "2003",
	note	= {[Online] \url{http://www.w3schools.com/soap/soap_intro.asp}}
}
@misc{wiki:multitier_architecture,
	author	= "Wikipedia",
	title 	= "Multitier Architecture",
	month	= "August",
	year	= "2011",
	note	= {[Online] \url{http://en.wikipedia.org/wiki/Multitier_architecture.}}
}
@misc{wiki:SOAP,
	author	= "Wikipedia",
	title 	= "SOAP",
	month	= "September",
	year	= "2011",
	note	= {[Online] \url{http://en.wikipedia.org/wiki/SOAP}}
}
@misc{wiki:Business_logic,
	author	= "Wikipedia",
	title 	= "Business Logic",
	month	= "August",
	year	= "2007",
	note	= {[Online] \url{http://en.wikipedia.org/wiki/Business_logic}}
}
@misc{wiki:4+1,
	author	= "Wikipedia",
	title 	= "4+1 Architectural View Model",
	month	= "September",
	year	= "2011",
	note	= {[Online] \url{http://en.wikipedia.org/wiki/4\%2B1_Architectural_View_Model}}
}
@misc{wiki:class_diagram,
	author	= "Wikipedia",
	title 	= "Class Diagram",
	month	= "September",
	year	= "2011",
	note	= {[Online] \url{http://en.wikipedia.org/wiki/Class_diagram}}
}

@misc{wiki:sequence_diagram,
	author	= "Wikipedia",
	title 	= "Sequence Diagram",
	month	= "September",
	year	= "2011",
	note	= {[Online] \url{http://en.wikipedia.org/wiki/Sequence_diagram}}
}

@misc{wiki:package_diagram,
	author	= "Wikipedia",
	title 	= "Package Diagram",
	month	= "September",
	year	= "2011",
	note	= {[Online] \url{http://en.wikipedia.org/wiki/Package_diagram}}
}

@misc{wiki:deployment_diagram,
	author	= "Wikipedia",
	title 	= "Deployment Diagram",
	month	= "May",
	year	= "2011",
	note	= {[Online] \url{http://en.wikipedia.org/wiki/Deployment_diagram}}
}

@misc{wiki:activity_diagram,
	author	= "Wikipedia",
	title 	= "Activity Diagram",
	month	= "July",
	year	= "2011",
	note	= {[Online] \url{http://en.wikipedia.org/wiki/Activity_diagram}}
}

@misc{,
	author	= "",
	title 	= "",
	month	= "",
	year	= "",
	note	= {[Online] \url{}}
}

@misc{,
	author	= "",
	title 	= "",
	month	= "",
	year	= "",
	note	= {[Online] \url{}}
}

@misc{,
	author	= "",
	title 	= "",
	month	= "",
	year	= "",
	note	= {[Online] \url{}}
}

@misc{wiki:agile_software_development,
	author	= "Wikipedia",
	title	= "Agile software development",
	month	= "September",
	year	= "2011",
	note	= {[Online] \url{http://en.wikipedia.org/wiki/Agile_software_development}}
}

@misc{wiki:scrum,
	author	= "Wikipedia",
	title	= "Scrum (development)",
	month	= "October",
	year	= "2011",
	note	= {[Online] \url{http://en.wikipedia.org/wiki/Scrum_(development)}}
}

@misc{wiki:liferay,
	author	= "Wikipedia",
	title	= "Liferay",
	month	= "October",
	year	= "2011",
	note	= {[Online] \url{http://en.wikipedia.org/wiki/Liferay}}
}
@book{liferay1,
	author = "Richard Sezov",
	title     = "Liferay in Action",
    year      = "2011",
    publisher = "Manning books",
    address   = "Shelter Island, New York"
    
}
@book{liferay2,
	author = "Poornachandra Sarang",
	title     = "Practical Liferay: JavaTM-based Portal Applications Development",
    year      = "2009",
    publisher = "Apress",
    address   = "New York, New York"
    
}
@misc{wiki:tomcat,
	author	= "Wikipedia",
	title	= "Apache Tomcat",
	month	= "October",
	year	= "2011",
	note	= {[Online] \url{http://en.wikipedia.org/wiki/Apache_Tomcat}}
}
@misc{website:apache-tomcat,
	author	= "The Apache Software Foundation",
	title 	= "Apache Tomcat",
	month 	= "October",
	year 	= "2011",
	note	= {[Online] \url{http://tomcat.apache.org}}
}
@misc{wiki:java,
	author	= "Wikipedia",
	title	= "Java (programming language)",
	month	= "October",
	year	= "2011",
	note	= {[Online] \url{http://en.wikipedia.org/wiki/Java_(programming_language)}}
}
@misc{wiki:sql,
	author	= "Wikipedia",
	title	= "SQL",
	month	= "October",
	year	= "2011",
	note	= {[Online] \url{http://en.wikipedia.org/wiki/Sql}}
}
@misc{wiki:oracle,
	author	= "Wikipedia",
	title	= "Oracle Database",
	month	= "October",
	year	= "2011",
	note	= {[Online] \url{http://en.wikipedia.org/wiki/Oracle_Database}}
}
@misc{website:latex,
	author	= "LaTeX Project",
	title	= "An Intorduction to LaTeX",
	month	= "February",
	year	= "2009",
	note	= {[Online] \url{http://www.latex-project.org/intro.html}}
}
@misc{wiki:latex2,
	author	= "Wikipedia",
	title	= "LaTeX",
	month	= "October",
	year	= "2011",
	note	= {[Online] \url{http://en.wikipedia.org/wiki/LaTeX}}
}
@misc{wiki:git,
	author	= "Wikipedia",
	title	= "Git (software)",
	month	= "October",
	year	= "2011",
	note	= {[Online] \url{http://en.wikipedia.org/wiki/Git_(software)}}
}
@misc{website:git2,
	author	= "Git: The Fast Version Control System",
	title	= "About Git",
	month	= "October",
	year	= "2011",
	note	= {[Online] \url{http://git-scm.com/about}}
}




	

